@book{pressman2011engenharia,
  title={Engenharia de software},
  author={Pressman, Roger S},
  year={2011},
  publisher={McGraw Hill Brasil}
}
@misc{koscianski2007qualidade,
  title={Qualidade de software},
  author={Koscianski, Andr{\'e} and Soares, Michel dos Santos},
  year={2007},
  publisher={S{\~a}o Paulo: Novatec Editora}
}
@article{crespo2004metodologia,
  title={Uma metodologia para teste de Software no Contexto da Melhoria de Processo},
  author={Crespo, Adalberto Nobiato and Silva, Odair J and Borges, Carlos Alberto and Salviano, Cl{\^e}nio Figueiredo and Teive, M and Junior, Argollo and Jino, Mario},
  journal={Simp{\'o}sio Brasileiro de Qualidade de Software},
  pages={271--285},
  year={2004}
}
@book{rios2006teste,
  title={Teste de software},
  author={Rios, Emerson},
  year={2006},
  publisher={Alta Books Editora}
}
@inproceedings{boehm1976quantitative,
  title={Quantitative evaluation of software quality},
  author={Boehm, Barry W and Brown, John R and Lipow, Mlity},
  booktitle={Proceedings of the 2nd international conference on Software engineering},
  pages={592--605},
  year={1976},
  organization={IEEE Computer Society Press}
}
@article{maldonado2004introduccao,
  title={Introdu{\c{c}}ao ao teste de software},
  author={Maldonado, Jos{\'e} Carlos and Barbosa, Ellen Francine and Vincenzi, Auri Marcelo Rizzo and Delamaro, M{\'a}rcio Eduardo and Souza, SRS and Jino, Mario},
  journal={S{\~a}o Carlos},
  year={2004}
}
@article{de2006introduccao,
  title={Introdu{\c{c}}{\~a}o {\`a} Engenharia de Software e {\`a} Qualidade de Software},
  author={de Vasconcelos, Alexandre Marcos Lins and Rouiller, Ana Cristina and Machado, Cristina {\^A}ngela Filipak and de Medeiros, Teresa Maria Maciel},
  year={2006}
}
@article{garvin1987competing,
  title={Competing on the 8 dimensions of quality},
  author={Garvin, David A},
  journal={Harvard business review},
  volume={65},
  number={6},
  pages={101--109},
  year={1987},
  publisher={SUBSCRIBER SERVICE, PO BOX 52623, BOULDER, CO 80322-2623}
}
@article{chiavegatto1desenvolvimento,
  title={Desenvolvimento Orientado a Comportamento com Testes Automatizados utilizando JBehave e Selenium},
  author={Chiavegatto$^1$, Rafael B and da Silva, Lidiane V and Vieira, Andr{\'e}ia and Malvezzi$^1$, William R}
}
@article{sixpenceautomatizaccao,
  title={AUTOMATIZA{\c{C}}{\~A}O DE CASOS DE TESTE COMO PROCESSO DE MELHORIA DA QUALIDADE DO SOFTWARE: O CASO DA APLICA{\c{C}}{\~A}O E-LEARNING ISUPAC3 NO ISUTC},
  author={Sixpence, Elton and Ad{\~a}o, Pedro and Smith, Cameron}
}
@article{pereiraestudoselenium,
  title={Estudo da ferramenta selenium ide para testes automatizados de aplicações web},
  author={Pereira, Diego Varussa}
}
@misc{cucumberwiki,
  title={Reference Cucumber.io},
  howpublished={\url{https://cucumber.io/docs/reference}},
  note={Accessed: 2015-08-05}
}
@misc{scmitzcucumberreview,
  title={Cucumber - Um breve review},
  author={Schmitz, Felipe H. and Becker, Henrique and Berlatto, Laís de F.},
  howpublished={\url{http://pt.slideshare.net/LaisBerlatto2/cucumber-um-breve-review}},
  note={Accessed: 2015-08-06}
  
}
@article{nunescucumber,
  title={Automação de Testes de Aceitação com Cucumber e JRuby},
  author={Nunes, Demetrius}
}
@misc{lopescucumbervalor,
  title={O Cucumber ainda tem o seu valor},
  author={Lopes, Daniel},
  howpublished={\url{http://www.infoq.com/br/articles/valor-cucumber}},
  note={Accessed: 2015-08-10}
}
@article{cagnin2004reuso,
  title={Reuso na Atividade de Teste para Reduzir Custo e Esfor{\c{c}}o de VV\&T no Desenvolvimento e na Reengenharia de Software},
  author={Cagnin, Maria Istela and Maldonado, Jos{\'e} Carlos and Chan, Alessandra and Penteado, RD and Germano, FS},
  journal={XVIII Simp{\'o}sio Brasileiro de Engenharia de Software (SBES)},
  pages={71--84},
  year={2004}
}
@phdthesis{guizzardi2000desenvolvimento,
  title={Desenvolvimento para e com reuso: Um estudo de caso no dom{\'\i}nio de V{\'\i}deo sob Demanda},
  author={Guizzardi, Giancarlo},
  year={2000},
  school={Universidade Federal do Esp{\'\i}rito Santo}
}
